

@book{pasini2015,
  TITLE = {{S{\'e}curit{\'e} informatique, cours et exercices corrig{\'e}s}},
  AUTHOR = {Avoine, Gildas and Junod, Pascal and Oechslin, Philippe and Pasini, Sylvain},
  URL = {https://hal.inria.fr/hal-01202379},
  PUBLISHER = {{Vuibert}},
  PAGES = {382},
  YEAR = {2015},
  HAL_ID = {hal-01202379},
  HAL_VERSION = {v1},
  ISBN = {978-2-311-40168-4},
}

@online{BA19,
  author = {Pasini, Sylvain},
  title = {Black Alps 2019},
  year = 2019,
  url = {https://www.blackalps.ch/ba-19/},
  urldate = {2020-03-30}
}

@ARTICLE{smit54,
	AUTHOR = {J. G. Smith and H. K. Weston},
	TITLE = {Nothing Particular in this Year's History},
	YEAR = {1954},
	JOURNAL = {J. Geophys. Res.},
	VOLUME = {2},
	PAGES = {14-15}
}
@BOOK{colu92,
	AUTHOR = {Christopher Columbus},
	TITLE = {How {I} Discovered {America}},
	YEAR = {1492},
	PUBLISHER = {Hispanic Press},
	ADDRESS = {Barcelona}
}
@ARTICLE{gree00,
	AUTHOR = {R. J. Green and U. P. Fred and W. P. Norbert},
	TITLE = {Things that Go Bump in the Night},
	YEAR = {1900},
	JOURNAL = {Psych. Today},
	VOLUME = {46},
	PAGES = {345-678}
}
@ARTICLE{phil99,
	AUTHOR = {T. P. Phillips},
	TITLE = {Possible Influence of the Magnetosphere on {American} History},
	YEAR = {1999},
	JOURNAL = {J. Oddball Res.},
	VOLUME = {98},
	PAGES = {1000-1003}
}
@ARTICLE{jame76,
	AUTHOR = {Kelly James and Harris, Jr., George and Wilby Wollops},
	TITLE = {{American} Independence and Magnetism},
	YEAR = {1776},
	JOURNAL = {Revol. Tracts},
	VOLUME = {32},
	PAGES = {34-55}
}
